@inproceedings{Mwalongo:2015:RVD:2775292.2775307,
	author = {Mwalongo, Finian and Krone, Michael and Becher, Michael and Reina, Guido and Ertl, Thomas},
	title = {Remote Visualization of Dynamic Molecular Data Using WebGL},
	booktitle = {Proceedings of the 20th International Conference on 3D Web Technology},
	series = {Web3D '15},
	year = {2015},
	isbn = {978-1-4503-3647-5},
	location = {Heraklion, Crete, Greece},
	pages = {115--122},
	numpages = {8},
	url = {http://doi.acm.org/10.1145/2775292.2775307},
	doi = {10.1145/2775292.2775307},
	acmid = {2775307},
	publisher = {ACM},
	address = {New York, NY, USA},
	keywords = {WebGL, dynamic data visualization, molecular data visualization, remote visualization, web-based visualization},
}

@inproceedings{Jin:2006:RRI:1128923.1128927,
 author = {Jin, Zhefan},
 title = {Research on Rendering Instruction Stream Compression in Distributed VR Continuum},
 booktitle = {Proceedings of the 2006 ACM International Conference on Virtual Reality Continuum and Its Applications},
 series = {VRCIA '06},
 year = {2006},
 isbn = {1-59593-324-7},
 location = {Hong Kong, China},
 pages = {13--18},
 numpages = {6},
 url = {http://doi.acm.org/10.1145/1128923.1128927},
 doi = {10.1145/1128923.1128927},
 acmid = {1128927},
 publisher = {ACM},
 address = {New York, NY, USA},
 keywords = {DPCM, LZW, distributed rendering, prediction, quantization, sort-first, virtual reality continuum},
} 



@INPROCEEDINGS{Eisert07remoterendering,
    author = {Peter Eisert},
    title = {Remote rendering of computer games},
    booktitle = {in Proc. Internation Conference on Signal Processing and Multimedia Applications (SIGMAP},
    year = {2007}
}

@inproceedings{DBLP:conf/itng/WesselsPJR11,
  author    = {Andrew Wessels and
               Mike Purvis and
               Jahrain Jackson and
               Syed (Shawon) Rahman},
  title     = {Remote Data Visualization through WebSockets},
  booktitle = {Eighth International Conference on Information Technology: New Generations,
               {ITNG} 2011, Las Vegas, Nevada, USA, 11-13 April 2011},
  pages     = {1050--1051},
  year      = {2011},
  crossref  = {DBLP:conf/itng/2011},
  url       = {http://dx.doi.org/10.1109/ITNG.2011.182},
  doi       = {10.1109/ITNG.2011.182},
  timestamp = {Tue, 27 Jan 2015 17:31:59 +0100},
  biburl    = {http://dblp2.uni-trier.de/rec/bib/conf/itng/WesselsPJR11},
  bibsource = {dblp computer science bibliography, http://dblp.org}
}

@article{Shi:2012:RRR:2348816.2348825,
 author = {Shi, Shu and Nahrstedt, Klara and Campbell, Roy},
 title = {A Real-time Remote Rendering System for Interactive Mobile Graphics},
 journal = {ACM Trans. Multimedia Comput. Commun. Appl.},
 issue_date = {September 2012},
 volume = {8},
 number = {3s},
 month = oct,
 year = {2012},
 issn = {1551-6857},
 pages = {46:1--46:20},
 articleno = {46},
 numpages = {20},
 url = {http://doi.acm.org/10.1145/2348816.2348825},
 doi = {10.1145/2348816.2348825},
 acmid = {2348825},
 publisher = {ACM},
 address = {New York, NY, USA},
 keywords = {3D image warping, Remote rendering, interaction latency, mobile devices},
} 

@article{Shi:2015:SIR:2775083.2719921,
 author = {Shi, Shu and Hsu, Cheng-Hsin},
 title = {A Survey of Interactive Remote Rendering Systems},
 journal = {ACM Comput. Surv.},
 issue_date = {July 2015},
 volume = {47},
 number = {4},
 month = may,
 year = {2015},
 issn = {0360-0300},
 pages = {57:1--57:29},
 articleno = {57},
 numpages = {29},
 url = {http://doi.acm.org/10.1145/2719921},
 doi = {10.1145/2719921},
 acmid = {2719921},
 publisher = {ACM},
 address = {New York, NY, USA},
 keywords = {Cloud computing, QoE, QoS, cloud games, cloud rendering, distributed rendering, video streaming},
} 

@MISC{Azuma97asurvey,
    author = {Ronald Azuma},
    title = {A Survey of Augmented Reality},
    year = {1997}
}

@misc{web:webgl:khronos,
	author = {khonos},
	title = {{WebGL} - {OpenGL} {ES} 2.0 for the {Web}},
	url = {https://www.khronos.org/webgl/},
	urldate = {2016-10-17}
}