@INPROCEEDINGS{5945383,
	author={A. Wessels and M. Purvis and J. Jackson and S. Rahman},
	booktitle={Information Technology: New Generations (ITNG), 2011 Eighth International Conference on},
	title={Remote Data Visualization through WebSockets},
	year={2011},
	pages={1050-1051},
	keywords={Internet;data visualisation;online front-ends;rendering (computer graphics);storage management;very large databases;Internet;Web browsers;Web sockets;Web-based visualization solutions;WebSockets;bandwidth limitations;data collection;data storage capacity;exponential growth;large datasets;remote data visualization;remote rendering;remote visualization system architecture;Browsers;Data visualization;Engines;Image coding;Real time systems;Servers;Streaming media;HTML5;mobile;smartphone;visualization;websocket},
	doi={10.1109/ITNG.2011.182},
	month={April},
}